@article{misono2014,
  author  = {御園, 一},
  title   = {日本の社会資本が地域別生産性に与える効果の再検証},
  journal = {日本大学経済学部経済集志},
  volume  = {83},
  number  = {2},
  pages   = {107--132},
  year    = {2014},
  url     = {https://www.eco.nihon-u.ac.jp/wp-content/uploads/2023/05/83-2_p107-132.pdf}
}

@article{kim2013,
  author  = {金, 鍾洙},
  title   = {社会資本や公共投資の経済効果に関する実証研究},
  journal = {経済学論集},
  volume  = {46},
  number  = {3・4},
  pages   = {121--145},
  year    = {2013},
  url     = {https://repository.seinan-gu.ac.jp/bitstream/handle/123456789/756/ec-n46v3_4-p121-145-kon.pdf}
}

@article{mitsui2009,
  author  = {三井, 清},
  title   = {動学パネルによる公的支出と地域経済成長の関係についての検証},
  journal = {公共選択},
  volume  = {8},
  pages   = {216--225},
  year    = {2009},
  url     = {https://www.jstage.jst.go.jp/article/pfsjipf/8/0/8_216/_pdf}
}

@article{mitsui2010,
  author  = {三井, 清},
  title   = {三大都市圏における社会資本整備の経済効率性からみた公共投資のあり方},
  journal = {公共選択},
  volume  = {9},
  pages   = {302--311},
  year    = {2010},
  url     = {https://www.jstage.jst.go.jp/article/pfsjipf/9/0/9_302/_pdf}
}

@article{yamano2007,
  author  = {山野, 勝次},
  title   = {地域経済における社会資本と人的資本との関係に関する研究},
  journal = {地域学研究},
  volume  = {40},
  number  = {1},
  pages   = {157--170},
  year    = {2007},
  url     = {https://www.jstage.jst.go.jp/article/srs/40/1/40_1_157/_pdf}
}
